@book{lvovich2012impedance,
  title={Impedance spectroscopy: applications to electrochemical and dielectric phenomena},
  author={Lvovich, Vadim F},
  year={2012},
  publisher={John Wiley \& Sons}
}

@book{macdonald2005impedance,
  title={Impedance spectroscopy: theory, experiment, and applications},
  author={Macdonald, J Ross and Barsoukov, E},
  journal={History},
  volume={1},
  number={8},
  pages={1--13},
  year={2005}
}

@book{suarez2011,
  title={Electroquímica física e interfacial: Una aproximación teórica},
  author={Suárez, Marco},
  pages={112},
  year={2011},
  publisher={Universidad Nacional de Colombia}
}

@book{bard2001fundamentals,
  title={Electrochemical Methods: Fundamentals and applications},
  author={Bard, Allen J and Faulkner, Larry R},
  year={2001},
  publisher={Wiley New York}
}

@book{alexander2009fundamentals,
  title={Fundamentals of electric circuits},
  author={Alexander, Charles K and Sadiku, Matthew NO and Sadiku, Matthew},
  volume={3},
  year={2009},
  publisher={McGraw-Hill New York}
}


