@book{butt2006physics,
  title={Physics and chemistry of interfaces},
  author={Butt, Hans-J{\"u}rgen and Graf, Karlheinz and Kappl, Michael},
  year={2006},
  publisher={John Wiley \& Sons}
}

@article{avila2010electrical,
  title={Electrical measurement techniques in atomic force microscopy},
  author={Avila, Alba and Bhushan, Bharat},
  journal={Critical Reviews in Solid State and Materials Sciences},
  volume={35},
  number={1},
  pages={38--51},
  year={2010},
  publisher={Taylor \& Francis}
}

@article{fredlein1974electrocapillary,
  title={An “electrocapillary” study of the gold-perchloric acid solution interface},
  author={Fredlein, RA and JO'M, Bockris},
  journal={Surface Science},
  volume={46},
  number={2},
  pages={641--652},
  year={1974},
  publisher={Elsevier}
}

